<collection xmlns="http://www.loc.gov/MARC21/slim">
<record>
  <leader>02175nam0a2200373 i 450 </leader>
  <controlfield tag="001">IT\ICCU\CNCE\070730</controlfield>
  <controlfield tag="005">20170306000000.0</controlfield>
  <datafield tag="012" ind1=" " ind2=" ">
    <subfield code="a">m:la e.t. iss. c*se (C) 1507 (Q)</subfield>
    <subfield code="2">fei</subfield>
  </datafield>
  <datafield tag="100" ind1=" " ind2=" ">
    <subfield code="a">20070516f1507        0itac0103    ba</subfield>
  </datafield>
  <datafield tag="101" ind1=" " ind2=" ">
    <subfield code="a">LAT</subfield>
  </datafield>
  <datafield tag="102" ind1=" " ind2=" ">
    <subfield code="a">IT</subfield>
  </datafield>
  <datafield tag="200" ind1="1" ind2=" ">
    <subfield code="a">℗Ioannis Francisci Pici Mirandulani principis, concordiaeque comitis ℗Hymni heroici tres ad sanctissimam Trinitatem, ad Christum, &amp; ad Virginem Mariam: vna cum commentariis luculentiss. ad Io. Thomam filium</subfield>
  </datafield>
  <datafield tag="210" ind1=" " ind2=" ">
    <subfield code="d">\circa 1507!</subfield>
  </datafield>
  <datafield tag="215" ind1=" " ind2=" ">
    <subfield code="a">\88! c.</subfield>
    <subfield code="d">fol</subfield>
  </datafield>
  <datafield tag="300" ind1=" " ind2=" ">
    <subfield code="a">Stampata a Milano da Alessandro Minuziano; per il tipografo e la data, cfr.: &lt;A HREF=&quot;http://data.cerl.org/istc/ip00641500&quot; TARGET=&quot;_blank&quot;&gt;ISTC ip00641500&lt;/A&gt;</subfield>
  </datafield>
  <datafield tag="620" ind1=" " ind2=" ">
    <subfield code="a">IT</subfield>
    <subfield code="d">Milano</subfield>
  </datafield>
  <datafield tag="700" ind1=" " ind2="1">
    <subfield code="a">Pico della Mirandola,</subfield>
    <subfield code="b">Giovanni Francesco</subfield>
    <subfield code="3">IT\ICCU\CNCA\009038</subfield>
  </datafield>
  <datafield tag="702" ind1=" " ind2="1">
    <subfield code="a">Giraldi,</subfield>
    <subfield code="b">Lilio Gregorio</subfield>
    <subfield code="3">IT\ICCU\CNCA\005695</subfield>
  </datafield>
  <datafield tag="712" ind1="0" ind2="0">
    <subfield code="a">Minuziano, Alessandro</subfield>
    <subfield code="3">IT\ICCU\CNCT\000404</subfield>
    <subfield code="4">650</subfield>
  </datafield>
  <datafield tag="790" ind1=" " ind2="1">
    <subfield code="a">Pico della Mirandola,</subfield>
    <subfield code="b">Gianfrancesco</subfield>
    <subfield code="3">IT\ICCU\CNCA\016629</subfield>
    <subfield code="z">Pico della Mirandola, Giovanni Francesco</subfield>
  </datafield>
  <datafield tag="790" ind1=" " ind2="1">
    <subfield code="a">Picus,</subfield>
    <subfield code="b">Ioannes Franciscus</subfield>
    <subfield code="3">IT\ICCU\CNCA\022841</subfield>
    <subfield code="z">Pico della Mirandola, Giovanni Francesco</subfield>
  </datafield>
  <datafield tag="790" ind1=" " ind2="1">
    <subfield code="a">Gyraldus,</subfield>
    <subfield code="b">Lilius Gregorius</subfield>
    <subfield code="3">IT\ICCU\CNCA\020225</subfield>
    <subfield code="z">Giraldi, Lilio Gregorio</subfield>
  </datafield>
  <datafield tag="790" ind1=" " ind2="1">
    <subfield code="a">Giraldi,</subfield>
    <subfield code="b">Giglio Gregorio</subfield>
    <subfield code="3">IT\ICCU\CNCA\022299</subfield>
    <subfield code="z">Giraldi, Lilio Gregorio</subfield>
  </datafield>
  <datafield tag="791" ind1="0" ind2="0">
    <subfield code="a">Minutianus, Alexander</subfield>
    <subfield code="3">IT\ICCU\CNCT\004001</subfield>
    <subfield code="z">Minuziano, Alessandro</subfield>
  </datafield>
  <datafield tag="791" ind1="0" ind2="2">
    <subfield code="a">Officina Minutiana</subfield>
    <subfield code="3">IT\ICCU\CNCT\005200</subfield>
    <subfield code="z">Minuziano, Alessandro</subfield>
  </datafield>
  <datafield tag="791" ind1="0" ind2="2">
    <subfield code="a">Libraria Minutiana</subfield>
    <subfield code="3">IT\ICCU\CNCT\005201</subfield>
    <subfield code="z">Minuziano, Alessandro</subfield>
  </datafield>
  <datafield tag="791" ind1="0" ind2="0">
    <subfield code="a">Minutiano, Alessandro</subfield>
    <subfield code="3">IT\ICCU\CNCT\005202</subfield>
    <subfield code="z">Minuziano, Alessandro</subfield>
  </datafield>
  <datafield tag="801" ind1=" " ind2="3">
    <subfield code="a">IT</subfield>
    <subfield code="b">ICCU</subfield>
    <subfield code="c">20201115</subfield>
  </datafield>
  <datafield tag="899" ind1=" " ind2=" ">
    <subfield code="a">Biblioteca comunale dell&apos;Archiginnasio. Bologna</subfield>
    <subfield code="1">BO0304</subfield>
    <subfield code="2">UBO GA</subfield>
  </datafield>
  <datafield tag="899" ind1=" " ind2=" ">
    <subfield code="a">Biblioteca Apostolica Vaticana. Citt ̉del Vaticano</subfield>
    <subfield code="1">EX0001</subfield>
    <subfield code="2">ZCV 01</subfield>
  </datafield>
  <datafield tag="899" ind1=" " ind2=" ">
    <subfield code="a">Biblioteca comunale Ariostea. Ferrara</subfield>
    <subfield code="1">FE0017</subfield>
    <subfield code="2">UFE AR</subfield>
  </datafield>
  <datafield tag="899" ind1=" " ind2=" ">
    <subfield code="a">Biblioteca centrale dell&apos;Area umanistica dell&apos;Universit ̉degli studi di Urbino. Urbino</subfield>
    <subfield code="1">PU0206</subfield>
    <subfield code="2">URB AU</subfield>
  </datafield>
  <datafield tag="899" ind1=" " ind2=" ">
    <subfield code="a">Biblioteca comunale Classense. Ravenna</subfield>
    <subfield code="1">RA0036</subfield>
    <subfield code="2">RAV CL</subfield>
  </datafield>
  <datafield tag="899" ind1=" " ind2=" ">
    <subfield code="a">Biblioteca nazionale Marciana. Venezia</subfield>
    <subfield code="1">VE0049</subfield>
    <subfield code="2">VEA BM</subfield>
  </datafield>
</record>
</collection>
